<?xml version="1.0" encoding="UTF-8"?><collection xmlns="http://www.loc.gov/MARC21/slim"><record><leader>00355nam--2200121-i-4500</leader><controlfield tag="001">000044999</controlfield><controlfield tag="002">20161230</controlfield><controlfield tag="005">20161230201044</controlfield><controlfield tag="008">060222s1000------------r-----000-0-eng-d</controlfield><datafield ind1=" " ind2=" " tag="080"><subfield code="a">061.62(480):001.891</subfield></datafield><datafield ind1=" " ind2=" " tag="245"><subfield code="a">Technical research centre of finland. annual review 1981</subfield></datafield><datafield ind1=" " ind2=" " tag="260"><subfield code="a">Helsinki, Technical Research Centre Of Finland, 1980. 20 P</subfield></datafield><datafield ind1=" " ind2=" " tag="852"><subfield code="a">48658</subfield></datafield></record></collection>